@article{shmakov2024end,
  title={End-To-End Latent Variational Diffusion Models for Inverse Problems in High Energy Physics},
  author={Shmakov, Alexander and Greif, Kevin and Fenton, Michael and Ghosh, Aishik and Baldi, Pierre and Whiteson, Daniel},
  journal={Advances in Neural Information Processing Systems},
  volume={36},
  year={2024}
}

@article{kingma2021variational,
  title={Variational diffusion models},
  author={Kingma, Diederik and Salimans, Tim and Poole, Ben and Ho, Jonathan},
  journal={Advances in neural information processing systems},
  volume={34},
  pages={21696--21707},
  year={2021}
}

@article{kingma2013auto,
  title={Auto-encoding variational bayes},
  author={Kingma, Diederik P and Welling, Max},
  journal={arXiv preprint arXiv:1312.6114},
  year={2013}
}

@article{Bellagente_2020,
   title={Invertible networks or partons to detector and back again},
   volume={9},
   ISSN={2542-4653},
   url={http://dx.doi.org/10.21468/SciPostPhys.9.5.074},
   DOI={10.21468/scipostphys.9.5.074},
   number={5},
   journal={SciPost Physics},
   publisher={Stichting SciPost},
   author={Bellagente, Marco and Butter, Anja and Kasieczka, Gregor and Plehn, Tilman and Rousselot, Armand and Winterhalder, Ramon and Ardizzone, Lynton and KÃ¶the, Ullrich},
   year={2020},
   month=nov }

@inproceedings{NIPS2015_8d55a249,
 author = {Sohn, Kihyuk and Lee, Honglak and Yan, Xinchen},
 booktitle = {Advances in Neural Information Processing Systems},
 editor = {C. Cortes and N. Lawrence and D. Lee and M. Sugiyama and R. Garnett},
 pages = {},
 publisher = {Curran Associates, Inc.},
 title = {Learning Structured Output Representation using Deep Conditional Generative Models},
 url = {https://proceedings.neurips.cc/paper_files/paper/2015/file/8d55a249e6baa5c06772297520da2051-Paper.pdf},
 volume = {28},
 year = {2015}
}
